<?xml version="1.0" encoding="UTF-8"?><collection xmlns="http://www.loc.gov/MARC21/slim"><record><leader>00461nam--2200145-i-4500</leader><controlfield tag="001">000011907</controlfield><controlfield tag="002">20161230</controlfield><controlfield tag="005">20161230201029</controlfield><controlfield tag="008">060222s1000------------r-----000-0-eng-d</controlfield><datafield ind1=" " ind2=" " tag="080"><subfield code="a">515.143(043)</subfield></datafield><datafield ind1=" " ind2=" " tag="100"><subfield code="a">Barge, Jean</subfield></datafield><datafield ind1=" " ind2=" " tag="245"><subfield code="a">Structures differentiales sur les types d`omo topie rationnelle simplement connexes. these</subfield></datafield><datafield ind1=" " ind2=" " tag="260"><subfield code="a">Paris, Orsay, L`Universite Paris And Centre D`Orsay, 1975. 69 P</subfield></datafield><datafield ind1=" " ind2=" " tag="852"><subfield code="a">44109</subfield><subfield code="c">513.83</subfield></datafield><datafield ind1=" " ind2=" " tag="CAT"><subfield code="a">Sys</subfield><subfield code="c">20080609</subfield><subfield code="h">102607</subfield></datafield></record></collection>